<record><leader>00000cas a22000007a 4500</leader><controlfield tag="001">11682616</controlfield><controlfield tag="008">850211d18741879njuwr ne      0    0eng d</controlfield><datafield ind1=" " ind2=" " tag="010"><subfield code="a">sn 85025355 </subfield></datafield><datafield ind1=" " ind2=" " tag="040"><subfield code="a">NPX</subfield><subfield code="b">eng</subfield><subfield code="c">NPX</subfield><subfield code="d">NJW</subfield><subfield code="d">MGN</subfield><subfield code="d">OCLCQ</subfield></datafield><datafield ind1=" " ind2=" " tag="042"><subfield code="a">msc</subfield></datafield><datafield ind1="0" ind2=" " tag="130"><subfield code="a">Vineland advertiser (Vineland, N.J. : 1874)</subfield></datafield><datafield ind1="1" ind2="4" tag="245"><subfield code="a">The Vineland advertiser.</subfield></datafield><datafield ind1=" " ind2=" " tag="260"><subfield code="a">Vineland, N.J. :</subfield><subfield code="b">Vineland Real Estate and Pub. Co.</subfield></datafield><datafield ind1=" " ind2=" " tag="300"><subfield code="a">v. :</subfield><subfield code="b">ill.</subfield></datafield><datafield ind1=" " ind2=" " tag="310"><subfield code="a">Weekly</subfield></datafield><datafield ind1="1" ind2=" " tag="362"><subfield code="a">Began in June 1874; ceased July 25, 1879.</subfield></datafield><datafield ind1=" " ind2=" " tag="500"><subfield code="a">Editor: Ira S. Thompson, &lt;1875-1876&gt;.</subfield></datafield><datafield ind1=" " ind2=" " tag="588"><subfield code="a">Description based on: Vol. 3, no. 15 (Mar. 6, 1875).</subfield></datafield><datafield ind1=" " ind2=" " tag="752"><subfield code="a">United States</subfield><subfield code="b">New Jersey</subfield><subfield code="c">Cumberland</subfield><subfield code="d">Vineland.</subfield></datafield><datafield ind1="0" ind2=" " tag="775"><subfield code="t">Daily advertiser (Vineland, N.J.)</subfield><subfield code="w">(DLC)sn 85025354</subfield><subfield code="w">(OCoLC)11682541</subfield></datafield><datafield ind1="0" ind2="0" tag="780"><subfield code="t">Vineland advertiser and Cumberland County news</subfield><subfield code="w">(DLC)sn 84026162</subfield><subfield code="w">(OCoLC)10311755</subfield></datafield><datafield ind1="0" ind2="4" tag="785"><subfield code="t">Vineland independent (Vineland, N.J. : 1875)</subfield><subfield code="w">(DLC)sn 85025356</subfield><subfield code="w">(OCoLC)11684136</subfield></datafield></record>